@article{telegraphNatural2017,
  title={Earthquake in North Korea was natural, South Korean agency says},
  author={The Telegraph},
  journal={The Telegraph},
  url = "http://www.telegraph.co.uk/news/2017/09/23/earthquake-north-korea-may-fresh-nuclear-test/",
  year={2017},
  publisher={The Telegraph}
}

@article{dong2016discrimination,
  title={Discrimination of mine seismic events and blasts using the fisher classifier, naive bayesian classifier and logistic regression},
  author={Dong, Longjun and Wesseloo, Johan and Potvin, Yves and Li, Xibing},
  journal={Rock Mechanics and Rock Engineering},
  volume={49},
  number={1},
  pages={183--211},
  year={2016},
  publisher={Springer}
}

@inproceedings{mcfee2015librosa,
  title={librosa: Audio and music signal analysis in python},
  author={McFee, Brian and Raffel, Colin and Liang, Dawen and Ellis, Daniel PW and McVicar, Matt and Battenberg, Eric and Nieto, Oriol},
  booktitle={Proceedings of the 14th python in science conference},
  pages={18--25},
  year={2015}
}

@article{scikit-learn,
 title={Scikit-learn: Machine Learning in {P}ython},
 author={Pedregosa, F. and Varoquaux, G. and Gramfort, A. and Michel, V.
         and Thirion, B. and Grisel, O. and Blondel, M. and Prettenhofer, P.
         and Weiss, R. and Dubourg, V. and Vanderplas, J. and Passos, A. and
         Cournapeau, D. and Brucher, M. and Perrot, M. and Duchesnay, E.},
 journal={Journal of Machine Learning Research},
 volume={12},
 pages={2825--2830},
 year={2011}
}

@article{cortes1995support,
  title={Support vector machine},
  author={Cortes, Corinna and Vapnik, Vladimir},
  journal={Machine learning},
  volume={20},
  number={3},
  pages={273--297},
  year={1995}
}

@article{scholkopf2000new,
  title={New support vector algorithms},
  author={Sch{\"o}lkopf, Bernhard and Smola, Alex J and Williamson, Robert C and Bartlett, Peter L},
  journal={Neural computation},
  volume={12},
  number={5},
  pages={1207--1245},
  year={2000},
  publisher={MIT Press}
}